<?xml version="1.0" encoding="UTF-8"?><collection xmlns="http://www.loc.gov/MARC21/slim"><record><leader>00613nam--2200169-i-4500</leader><controlfield tag="001">000010037</controlfield><controlfield tag="002">20161230</controlfield><controlfield tag="005">20161230201028</controlfield><controlfield tag="008">060222s1000------------r-----000-0-eng-d</controlfield><datafield ind1=" " ind2=" " tag="040"><subfield code="a">IFIN-HH</subfield></datafield><datafield ind1=" " ind2=" " tag="080"><subfield code="a">539.12:539.14</subfield></datafield><datafield ind1=" " ind2=" " tag="100"><subfield code="a">Devons, Samuel</subfield></datafield><datafield ind1="1" ind2="0" tag="245"><subfield code="a">High-energy physics and nuclear structure</subfield><subfield code="b">Proceedings of the third international conference on high energy physics and nuclear structure held at columbia university, new york city, september 8-12, 1969</subfield><subfield code="c">Samuel devons (ed.)</subfield></datafield><datafield ind1=" " ind2=" " tag="260"><subfield code="a">New York</subfield><subfield code="b">Plenum Press</subfield><subfield code="c">1970</subfield></datafield><datafield ind1=" " ind2=" " tag="300"><subfield code="a">XLI+859P</subfield></datafield><datafield ind1=" " ind2=" " tag="852"><subfield code="a">36270</subfield><subfield code="c">539.131</subfield></datafield><datafield ind1=" " ind2=" " tag="CAT"><subfield code="a">Sys</subfield><subfield code="c">20120301</subfield><subfield code="h">111528</subfield></datafield></record></collection>